

@InBook{RaoToutenburg,
  author = 	 {Rao, C.R. and Toutenburg, H.},
  OPTeditor = 	 {},
  title = 	 {Linear Models: Least Squares and Alternatives},
  OPTchapter = 	 {},
  publisher = 	 {Springer},
  year = 	 {1999},
  OPTkey = 	 {},
  OPTvolume = 	 {},
  OPTnumber = 	 {},
  OPTseries = 	 {},
  OPTtype = 	 {},
  OPTaddress = 	 {},
  edition = 	 {2nd},
  OPTmonth = 	 {},
  pages = 	 {104--106},
  OPTnote = 	 {},
  OPTannote = 	 {}
}



@article{Darbishire:1905,
author = {Darbishire, Arthur D},
title = {{On the Supposed Antagonism of Mendelian to Biometric Theories of Heredity.}},
journal = {Manchester Memoirs},
year = {1905}
}

@book{Bateson:ADefense,
author = {Bateson, William},
title = {{Mendel's Principles of Heredity: A Defense}},
publisher = {Cambridge University Press},
year = {1902}
}

@book{Fisher:GeneticalTheory,
author = {Fisher, Ronald},
title = {{The Genetical Theory of Natural Selection}},
publisher = {Clarendon Press},
year = {1930}
}

@book{Falconer:QuantGen,
author = {Falconer, Douglas},
title = {{Introduction to Quantitative Genetics}},
publisher = {Ronald Press},
year = {1960}
}

@misc{BelezaPersComm,
  author = "Beleza, Sandra",
  date = "2013-04-08",
  howpublished = "personal communication"
}


